@techreport{unknown:2017,
author = {Unknown},
title = {Meme},
url = {http://s2.quickmeme.com/img/e4/e44226fad93faa232a78657d0e3d3d1331e05b7735fa6871f5eebd4205f942ef.jpg},
year = {2017},
note = {(Accessed on 07/09/2017)}
}

@INPROCEEDINGS{azab:2017, 
author={Abdulrahman Azab}, 
booktitle={2017 IEEE International Conference on Cloud Engineering (IC2E)}, 
title={Enabling Docker Containers for High-Performance and Many-Task Computing}, 
year={2017}, 
pages={279-285}, 
keywords={Linux;message passing;parallel processing;security of data;Docker containers;Docker images;Docker job resource usage;HPC job scripts;HPC queuing system;Linux containers;MPI Docker jobs;Slurm;Socker;high-performance computing;interconnected clusters;many-task computing;secure wrapper;Containers;Engines;Kernel;Linux;Production;Tools;Docker;HPC;Slurm;containers}, 
doi={10.1109/IC2E.2017.52}, 
month={4},}

@ARTICLE{kang:2016,
author={Yong-Shin Kang and Il-Ha Park and Jongtae Rhee and Yong-Han Lee},
journal={IEEE Sensors Journal},
title={MongoDB-Based Repository Design for IoT-Generated RFID/Sensor Big Data},
year={2016},
volume={16},
number={2},
pages={485-497},
keywords={Big Data;Internet of Things;radiofrequency identification;wireless sensor networks;EPCIS;Internet of Things-generated data;IoT-generated RFID/sensor big data;MongoDB-based repository design;sensor-integrated radio frequency identification;Big data;Data models;Distributed databases;Radiofrequency identification;Relational databases;Big Data;Big data;EPCIS;IoT;MongoDB;RFID;Sensor;Supply Chain;sensor;supply chain},
doi={10.1109/JSEN.2015.2483499},
ISSN={1530-437X},
month={Jan},}

@book{beck:1999,
 author = {Kent Beck},
 title = {Extreme Programming Explained: Embrace Change},
 year = {2000},
 isbn = {0-201-61641-6},
 publisher = {Addison-Wesley Longman Publishing Co.},
 address = {Boston, MA, USA},
} 


@article{backus:1978,
 author = {John Backus},
 title = {Can Programming Be Liberated from the Von Neumann Style?: A Functional Style and Its Algebra of Programs},
 journal = {Commun. ACM},
 issue_date = {Aug. 1978},
 volume = {21},
 number = {8},
 month = {8},
 year = {1978},
 issn = {0001-0782},
 pages = {613--641},
 numpages = {29},
 url = {http://doi.acm.org/10.1145/359576.359579},
 doi = {10.1145/359576.359579},
 acmid = {359579},
 publisher = {ACM},
 address = {New York, NY, USA},
 keywords = {algebra of programs, applicative computing systems, applicative state transition systems, combining forms, functional forms, functional programming, metacomposition, models of computing systems, program correctness, program termination, program transformation, programming languages, von Neumann computers, von Neumann languages},
} 


@phdthesis{gropp:2016,
author = {William Gropp},
title = {Lecture 34: One-sided Communication in MPI},
school = {University of Illinois at Urbana-Champaign},
year = {2016},
url = {http://wgropp.cs.illinois.edu/courses/cs598-s16/lectures/lecture34.pdf},
note = {(Accessed on 07/16/2017)}
}

@article{test,
author = {Me},
title = {My Title},
journal = {My Test Journal},
year = {2024},
volume = {91},
number = {1},
}

@book{Grundkurs_Kuenstliche_Intelligenz:1999,
 author = {Prof. Dr. Wolfgang Bibel, Prof. Dr. Rudolf Kruse, Prof. Dr. Berhard Nebel},
 title = {Grundkurs Künstliche Intelligenz, Eine praxisorientierte Einführung},
 year = {2016},
 isbn = {978-3-658-13548-5},
 publisher = {Springer Vieweg},
 address = {Wiesbaden, Germany},
} 



